2514 4538
525 110 660 197 4

96 350 116 414 j
150 329 418 420 quesvidebatur
433 329 531 397 loeus
553 351 655 413 esse,
678 331 721 398 de
736 328 871 417 origine
894 338 931 399 et
943 333 1072 406 indole
1087 362 1171 411 ver·

151 442 258 508 sionis
274 443 536 516 Alexandrinae
557 449 595 510 et
611 445 653 509 de
673 442 819 530 singulis
844 444 918 530 ejus
935 448 1096 534 partibus
1116 454 1169 523 in·

55 640 59 645 ·
150 556 315 643 quireudi.
347 556 463 644 Atque
486 554 718 621 Huuaouruus
741 543 992 644 stridonensis,
1014 563 1071 651 qui
1095 566 1169 653 pri-

148 691 221 733 mus
250 662 452 735 cellularum
480 666 588 733 LXX
618 667 692 735 vel
700 667 864 737 XXXVI
899 678 937 737 et
965 675 1169 749 versionum

149 782 234 870 miro
256 782 357 846 modo
372 763 631 880 congruentium
649 780 830 846 historiam
851 783 1019 850 mendacii
1040 784 1194 881 arguit*

151 863 341 979 (prologo'
332 913 366 956 m
380 889 576 975 Genesim),
598 893 687 959 idem
702 892 875 976 „Eruditi
896 894 1010 983 iuquit
1018 904 1166 981 (comm.
1178 908 1180 915 ’

148 1005 184 1070 in
205 1005 332 1071 Erech.
351 1001 458 1085 xvi,
482 1010 539 1089 13)
570 1004 665 1071 solos
686 1001 720 1071 V
745 1006 853 1072 libros
875 1005 985 1073 Masis
1007 1032 1028 1074 a
1050 1010 1167 1083 Lxx
1228 1001 1229 1005 ¹

93 1207 100 1213 φ
148 1115 219 1181 illis
241 1116 494 1211 interpretatos
517 1139 598 1183 esse
621 1122 788 1204 putant,“
817 1108 958 1207 eamque
988 1128 1026 1188 et
1046 1122 1170 1212 ipsine

147 1229 315 1296 Aristeae
339 1236 375 1294 et
395 1227 543 1315 Josephi
567 1237 603 1296 et
626 1229 733 1295 totius
753 1227 989 1299 Hebraeorum
1012 1236 1165 1309 scholae

148 1322 357 1409 sententiam
388 1365 468 1408 esse
492 1341 546 1424 (in
567 1339 761 1420 Eneca-V)
793 1346 980 1411 contendit.
1024 1347 1104 1422 Qua
1126 1350 1164 1418 in

147 1477 186 1520 re
209 1453 395 1540 theologos
417 1453 626 1519 recentioris
650 1455 779 1521 aetatis
802 1455 850 1527 ita
872 1450 990 1522 habuit
1012 1481 1162 1528 consen·

82 1653 84 1656 ι
117 1617 119 1625 .
150 1567 297 1647 tientes,
319 1573 366 1636 ut
386 1555 619 1658 pentateuchi
647 1566 841 1633 versionem
871 1576 908 1657 et
929 1571 1161 1658 antiquiorem

147 1689 189 1749 et·
206 1679 495 1768 praestantiorem
518 1676 647 1745 ceteris
678 1677 816 1767 (quales
838 1701 928 1747 nune
948 1691 1157 1770 supersunt)

148 1793 301 1860 omnibus
318 1788 543 1874 judicarent
622 1844 624 1850 ,

520 1970 522 1975 ,
590 2044 626 2143 ἐ.
675 2047 721 2118 2.,

227 2247 283 2313 Ad
299 2243 590 2312 Pentateeckum
606 2244 714 2330 igitur
728 2222 987 2313 controversiae
1006 2235 1160 2317 criticae

146 2364 184 2426 et
198 2357 387 2423 historicae
402 2357 480 2423 inde
496 2358 538 2421 ab
547 2355 759 2444 Humphredi
774 2347 877 2424 Ho'dii
893 2366 1013 2425 aetate
1025 2383 1152 2447 magua
1191 2350 1195 2361 ⁴

145 2475 313 2558 exparte
336 2470 531 2551 redierunt,
554 2469 768 2538 certantibus
791 2471 901 2538 adhuc
922 2471 1004 2538 viris
1022 2474 1149 2558 doctis,

59 2600 62 2611 ·
145 2606 210 2673 quo
233 2582 262 2648 is
279 2572 446 2669 tempore,
470 2569 589 2669 quibu's
606 2581 813 2663 auctoribus,
835 2583 930 2678 cujus
948 2586 1059 2666 jussu,
1083 2607 1149 2673 quo

32 2679 47 2746 ,‘
144 2694 291 2764 consilio
308 2693 343 2758 in
358 2693 510 2778 linguam
523 2691 694 2779 Graecapn
709 2694 901 2761 translatus
918 2701 1025 2761 esset.
1046 2695 1149 2774 Nam·

144 2831 208 2898 que
232 2805 427 2894 disputandi
454 2804 635 2871 materiam
659 2804 855 2872 nonnullam
876 2811 972 2872 certe
994 2809 1148 2899 posteris

34 2940 38 2945 ·
128 2920 283 3009 ‘reliquit
311 2916 521 2985 admirabilis
553 2916 659 2984 flodii
687 2917 846 2986 doctrina
878 2917 1096 3009 (quamquam
1125 2944 1149 2987 a

17 3077 20 3082 -
142 3032 276 3099 nemine
300 3053 436 3112 eorum,
459 3029 514 3117 qui
533 3039 615 3138 post
637 3014 712 3098 eum
733 3031 768 3098 in
786 3031 851 3098 hae
873 3053 989 3098 arena
1002 3033 1146 3100 desuda·

147 3210 292 3226 r—--=·-·-
296 3208 492 3217 ·-··“···’·-”·
495 3209 557 3219 ---·

247 3302 288 3356 ris
309 3300 507 3356 commentario
527 3300 716 3356 iliustratum“
737 3295 1145 3375 (antverp;1ii²5ioi.)‚non

247 3392 337 3445 solum
357 3391 505 3444 historiam
524 3391 703 3445 Aristaenam
722 3391 869 3473 agnoseit,
888 3392 940 3444 sed
959 3393 1043 3446 etiam
1060 3392 1146 3462 iuopi-

245 3488 335 3535 ratam
354 3480 513 3533 versionem
532 3478 748 3533 Alexandrinam
769 3479 921 3534 contendit.
955 3481 987 3533 ln
1007 3497 1144 3535 commen·

245 3569 316 3623 tario
345 3569 428 3622 docto
456 3574 485 3621 et
511 3564 627 3638 egregio
648 3569 718 3632 roric
738 3567 935 3638 o'“trequenter
961 3571 1065 3640 optime
1083 3569 1144 3623 iiia-

245 3663 325 3710 rtrat.
343 3686 379 3698 -
399 3654 508 3709 Novum
526 3657 647 3724 posthoc
665 3657 795 3710 Aristeae
814 3652 998 3726 patrocinium
1016 3659 1143 3728 succepit

244 3742 360 3797 Simeon
385 3744 421 3796 de
446 3741 593 3814 Magistri·
616 3744 645 3796 in
672 3743 794 3800 editione
821 3745 970 3816 „Danielis
991 3747 1139 3802 secundun
1172 3743 1183 3763 χ

243 3831 358 3901 LXX“,
379 3831 487 3888 Romae
506 3830 578 3888 1172
596 3831 646 3885 ioi.
